@article{Lewis:2004:RNB:1005332.1005345,
 author = {Lewis, David D. and Yang, Yiming and Rose, Tony G. and Li, Fan},
 title = {RCV1: A New Benchmark Collection for Text Categorization Research},
 journal = {J. Mach. Learn. Res.},
 issue_date = {12/1/2004},
 volume = {5},
 month = dec,
 year = {2004},
 issn = {1532-4435},
 pages = {361--397},
 numpages = {37},
 url = {http://dl.acm.org/citation.cfm?id=1005332.1005345},
 acmid = {1005345},
 publisher = {JMLR.org},
}

@misc{harp,
  title = {Harp},
  howpublished = "\url{http://salsaproj.indiana.edu/harp/index.html}",
}

@misc{scikit-learn,
  title = {scikit-learn},
  howpublished = "\url{http://scikit-learn.org/}",
}

@misc{logistic-regression,
  howpublished = "\url{https://github.com/tpeng/logistic-regression}"
}

@Article{Schmidt2016,
author="Schmidt, Mark
and Le Roux, Nicolas
and Bach, Francis",
title="Minimizing finite sums with the stochastic average gradient",
journal="Mathematical Programming",
year="2016",
pages="1--30",
issn="1436-4646",
doi="10.1007/s10107-016-1030-6",
url="http://dx.doi.org/10.1007/s10107-016-1030-6"
}


@ARTICLE{Genkin_large-scalebayesian,
    author = {Alexander Genkin and David D. Lewis and David Madigan},
    title = {Large-scale bayesian logistic regression for text categorization},
    journal = {Technometrics},
    year = {},
    pages = {2007}
}